@book {cahen-chabert97,
    AUTHOR = {Cahen, Paul-Jean and Chabert, Jean-Luc},
     TITLE = {Integer-valued polynomials},
    SERIES = {Mathematical Surveys and Monographs},
    VOLUME = {48},
 PUBLISHER = {American Mathematical Society, Providence, RI},
      YEAR = {1997},
     PAGES = {xx+322},
      ISBN = {0-8218-0388-3},
   MRCLASS = {13-02 (13B25 13C20 13F05)},
  MRNUMBER = {1421321},
MRREVIEWER = {Scott Chapman},
}

@article {cahen-loper98,
    AUTHOR = {Loper, Alan and Cahen, Paul-Jean},
     TITLE = {Rings of integer-valued rational functions},
   JOURNAL = {J. Pure Appl. Algebra},
  FJOURNAL = {Journal of Pure and Applied Algebra},
    VOLUME = {131},
      YEAR = {1998},
    NUMBER = {2},
     PAGES = {179--193},
      ISSN = {0022-4049},
   MRCLASS = {13F20 (13F05 13F30)},
  MRNUMBER = {1637535},
MRREVIEWER = {Lahoucine Izelgue},
       DOI = {10.1016/S0022-4049(97)00120-5},
       URL = {https://doi.org/10.1016/S0022-4049(97)00120-5},
}

@incollection {chapman95,
    AUTHOR = {Chapman, Scott T.},
     TITLE = {On the {D}avenport constant, the cross number, and their
              application in factorization theory},
 BOOKTITLE = {Zero-dimensional commutative rings ({K}noxville, {TN}, 1994)},
    SERIES = {Lecture Notes in Pure and Appl. Math.},
    VOLUME = {171},
     PAGES = {167--190},
 PUBLISHER = {Dekker, New York},
      YEAR = {1995},
   MRCLASS = {13F15 (13A15 13C20)},
  MRNUMBER = {1335713},
MRREVIEWER = {Valentina Barucci},
}

@article {chapman-al17,
    AUTHOR = {Chapman, Scott T. and Corrales, Marly and Miller, Andrew and
              Miller, Chris and Patel, Dhir},
     TITLE = {The catenary degrees of elements in numerical monoids
              generated by arithmetic sequences},
   JOURNAL = {Comm. Algebra},
  FJOURNAL = {Communications in Algebra},
    VOLUME = {45},
      YEAR = {2017},
    NUMBER = {12},
     PAGES = {5443--5452},
      ISSN = {0092-7872},
   MRCLASS = {20M13 (20M14)},
  MRNUMBER = {3691378},
MRREVIEWER = {Manuel Augusto Fernandes Delgado},
       DOI = {10.1080/00927872.2017.1310878},
       URL = {https://doi.org/10.1080/00927872.2017.1310878},
}
		

@article {chapman14,
    AUTHOR = {Chapman, Scott T.},
     TITLE = {A tale of two monoids: a friendly introduction to nonunique
              factorizations},
   JOURNAL = {Math. Mag.},
  FJOURNAL = {Mathematics Magazine},
    VOLUME = {87},
      YEAR = {2014},
    NUMBER = {3},
     PAGES = {163--173},
      ISSN = {0025-570X},
   MRCLASS = {20M14 (13A05)},
  MRNUMBER = {3229119},
MRREVIEWER = {Andreas Reinhart},
       DOI = {10.4169/math.mag.87.3.163},
       URL = {https://doi.org/10.4169/math.mag.87.3.163},
}

@incollection {chapman-krause12,
    AUTHOR = {Chapman, Scott T. and Krause, Ulrich},
     TITLE = {A closer look at non-unique factorization via atomic decay and
              strong atoms},
 BOOKTITLE = {Progress in commutative algebra 2},
     PAGES = {301--315},
 PUBLISHER = {Walter de Gruyter, Berlin},
      YEAR = {2012},
   MRCLASS = {13F15 (11R04 13A05 20D60)},
  MRNUMBER = {2932599},
MRREVIEWER = {Toma Albu},
}

@incollection {cziszter-al16,
    AUTHOR = {Cziszter, K\'{a}lm\'{a}n and Domokos, M\'{a}ty\'{a}s and Geroldinger, Alfred},
     TITLE = {The interplay of invariant theory with multiplicative ideal
              theory and with arithmetic combinatorics},
 BOOKTITLE = {Multiplicative ideal theory and factorization theory},
    SERIES = {Springer Proc. Math. Stat.},
    VOLUME = {170},
     PAGES = {43--95},
 PUBLISHER = {Springer, [Cham]},
      YEAR = {2016},
   MRCLASS = {13A50 (13A15 13F05 20M13)},
  MRNUMBER = {3565804},
MRREVIEWER = {Ross P. Abraham},
       DOI = {10.1007/978-3-319-38855-7_3},
       URL = {https://doi.org/10.1007/978-3-319-38855-7_3},
}

@article {fan-al17,
    AUTHOR = {Fan, Yushuang and Geroldinger, Alfred and Kainrath, Florian
              and Tringali, Salvatore},
     TITLE = {Arithmetic of commutative semigroups with a focus on
              semigroups of ideals and modules},
   JOURNAL = {J. Algebra Appl.},
  FJOURNAL = {Journal of Algebra and its Applications},
    VOLUME = {16},
      YEAR = {2017},
    NUMBER = {12},
     PAGES = {1750234, 42},
      ISSN = {0219-4988},
   MRCLASS = {20M13 (11P70 13A05 13F05 16D70 20M12)},
  MRNUMBER = {3725094},
MRREVIEWER = {D. C. Jackson},
       DOI = {10.1142/S0219498817502346},
       URL = {https://doi.org/10.1142/S0219498817502346},
}

@article {fan-tringali18,
    AUTHOR = {Fan, Yushuang and Tringali, Salvatore},
     TITLE = {Power monoids: a bridge between factorization theory and
              arithmetic combinatorics},
   JOURNAL = {J. Algebra},
  FJOURNAL = {Journal of Algebra},
    VOLUME = {512},
      YEAR = {2018},
     PAGES = {252--294},
      ISSN = {0021-8693},
   MRCLASS = {11B30 (11B13 11P70 16U30 20M13 20M25)},
  MRNUMBER = {3841525},
       DOI = {10.1016/j.jalgebra.2018.07.010},
       URL = {https://doi.org/10.1016/j.jalgebra.2018.07.010},
}

@article {frisch13,
    AUTHOR = {Frisch, Sophie},
     TITLE = {A construction of integer-valued polynomials with prescribed
              sets of lengths of factorizations},
   JOURNAL = {Monatsh. Math.},
  FJOURNAL = {Monatshefte f\"{u}r Mathematik},
    VOLUME = {171},
      YEAR = {2013},
    NUMBER = {3-4},
     PAGES = {341--350},
      ISSN = {0026-9255},
   MRCLASS = {13F20 (11C08 13A05 13B25 20M13)},
  MRNUMBER = {3090795},
MRREVIEWER = {Giulio Peruginelli},
       DOI = {10.1007/s00605-013-0508-z},
       URL = {https://doi.org/10.1007/s00605-013-0508-z},
}

@article {gao-geroldinger06,
    AUTHOR = {Gao, Weidong and Geroldinger, Alfred},
     TITLE = {Zero-sum problems in finite abelian groups: a survey},
   JOURNAL = {Expo. Math.},
  FJOURNAL = {Expositiones Mathematicae},
    VOLUME = {24},
      YEAR = {2006},
    NUMBER = {4},
     PAGES = {337--369},
      ISSN = {0723-0869},
   MRCLASS = {11B50 (11B75 11P70)},
  MRNUMBER = {2313123},
MRREVIEWER = {Ravindranathan Thangadurai},
       DOI = {10.1016/j.exmath.2006.07.002},
       URL = {https://doi.org/10.1016/j.exmath.2006.07.002},
}

@article {gao-al18,
    AUTHOR = {Gao, Weidong and Li, Yuanlin and Peng, Jiangtao and Wang,
              Guoqing},
     TITLE = {A unifying look at zero-sum invariants},
   JOURNAL = {Int. J. Number Theory},
  FJOURNAL = {International Journal of Number Theory},
    VOLUME = {14},
      YEAR = {2018},
    NUMBER = {3},
     PAGES = {705--711},
      ISSN = {1793-0421},
   MRCLASS = {11R27 (11B30 11P70 20K01)},
  MRNUMBER = {3786644},
MRREVIEWER = {Pingzhi Yuan},
       DOI = {10.1142/S1793042118500446},
       URL = {https://doi.org/10.1142/S1793042118500446},
}

@article {geroldinger16,
    AUTHOR = {Geroldinger, Alfred},
     TITLE = {Sets of lengths},
   JOURNAL = {Amer. Math. Monthly},
  FJOURNAL = {American Mathematical Monthly},
    VOLUME = {123},
      YEAR = {2016},
    NUMBER = {10},
     PAGES = {960--988},
      ISSN = {0002-9890},
   MRCLASS = {13A05 (11B30 20M13)},
  MRNUMBER = {3593640},
MRREVIEWER = {John J. Watkins},
       DOI = {10.4169/amer.math.monthly.123.10.960},
       URL = {https://doi.org/10.4169/amer.math.monthly.123.10.960},
}

@book {geroldinger-hk06,
    AUTHOR = {Geroldinger, Alfred and Halter-Koch, Franz},
     TITLE = {Non-unique factorizations},
    SERIES = {Pure and Applied Mathematics (Boca Raton)},
    VOLUME = {278},
      NOTE = {Algebraic, combinatorial and analytic theory},
 PUBLISHER = {Chapman \& Hall/CRC, Boca Raton, FL},
      YEAR = {2006},
     PAGES = {xxii+700},
      ISBN = {978-1-58488-576-4; 1-58488-576-9},
   MRCLASS = {20-02 (11-02 13-02)},
  MRNUMBER = {2194494},
MRREVIEWER = {W. Narkiewicz},
       DOI = {10.1201/9781420003208},
       URL = {https://doi.org/10.1201/9781420003208},
}

@article {geroldinger-lettl90,
    AUTHOR = {Geroldinger, Alfred and Lettl, G\"{u}nter},
     TITLE = {Factorization problems in semigroups},
   JOURNAL = {Semigroup Forum},
  FJOURNAL = {Semigroup Forum},
    VOLUME = {40},
      YEAR = {1990},
    NUMBER = {1},
     PAGES = {23--38},
      ISSN = {0037-1912},
   MRCLASS = {20M14 (11R11)},
  MRNUMBER = {1014223},
MRREVIEWER = {W. Narkiewicz},
       DOI = {10.1007/BF02573249},
       URL = {https://doi.org/10.1007/BF02573249},
}

@book {geroldinger-ruzsa09,
    AUTHOR = {Geroldinger, Alfred and Ruzsa, Imre Z.},
     TITLE = {Combinatorial number theory and additive group theory},
    SERIES = {Advanced Courses in Mathematics. CRM Barcelona},
      NOTE = {Courses and seminars from the DocCourse in Combinatorics and
              Geometry held in Barcelona, 2008},
 PUBLISHER = {Birkh\"{a}user Verlag, Basel},
      YEAR = {2009},
     PAGES = {xii+330},
      ISBN = {978-3-7643-8961-1},
   MRCLASS = {11-06 (05-06 20-06)},
  MRNUMBER = {2547479},
       DOI = {10.1007/978-3-7643-8962-8},
       URL = {https://doi.org/10.1007/978-3-7643-8962-8},
}



@article {geroldinger-schmid18,
    AUTHOR = {Geroldinger, Alfred and Schmid, Wolfgang Alexander},
     TITLE = {A realization theorem for sets of lengths in numerical
              monoids},
   JOURNAL = {Forum Math.},
  FJOURNAL = {Forum Mathematicum},
    VOLUME = {30},
      YEAR = {2018},
    NUMBER = {5},
     PAGES = {1111--1118},
      ISSN = {0933-7741},
   MRCLASS = {20M13 (20M14)},
  MRNUMBER = {3849636},
MRREVIEWER = {Alberto Vigneron-Tenorio},
       DOI = {10.1515/forum-2017-0180},
       URL = {https://doi.org/10.1515/forum-2017-0180},
}

@article {geroldinger-schwab18,
    AUTHOR = {Geroldinger, Alfred and Schwab, Emil Daniel},
     TITLE = {Sets of lengths in atomic unit-cancellative finitely presented
              monoids},
   JOURNAL = {Colloq. Math.},
  FJOURNAL = {Colloquium Mathematicum},
    VOLUME = {151},
      YEAR = {2018},
    NUMBER = {2},
     PAGES = {171--187},
      ISSN = {0010-1354},
   MRCLASS = {20M13 (13A05 20M05)},
  MRNUMBER = {3769679},
       DOI = {10.4064/cm7242-6-2017},
       URL = {https://doi.org/10.4064/cm7242-6-2017},
}

@book {gorenstein80,
    AUTHOR = {Gorenstein, Daniel},
     TITLE = {Finite groups},
   EDITION = {Second},
 PUBLISHER = {Chelsea Publishing Co., New York},
      YEAR = {1980},
     PAGES = {xvii+519},
      ISBN = {0-8284-0301-5},
   MRCLASS = {20-02 (20Dxx)},
  MRNUMBER = {569209},
}

@book {grynkiewicz13,
    AUTHOR = {Grynkiewicz, David J.},
     TITLE = {Structural additive theory},
    SERIES = {Developments in Mathematics},
    VOLUME = {30},
 PUBLISHER = {Springer, Cham},
      YEAR = {2013},
     PAGES = {xii+426},
      ISBN = {978-3-319-00415-0; 978-3-319-00416-7},
   MRCLASS = {11P70 (11B50 11B75 20K01)},
  MRNUMBER = {3097619},
MRREVIEWER = {Vsevolod F. Lev},
       DOI = {10.1007/978-3-319-00416-7},
       URL = {https://doi.org/10.1007/978-3-319-00416-7},
}

@ARTICLE{tringali18,
       author = {{Tringali}, Salvatore},
        title = "{Structural properties of subadditive families with applications to factorization theory}",
      journal = {arXiv e-prints},
     keywords = {Mathematics - Number Theory, Mathematics - Commutative Algebra, Mathematics - Combinatorics, Mathematics - Rings and Algebras, Primary 11B13, 13A05, 13F05, 13F15, 16U30, 20M13, 20M25. Secondary 11B30, 11R27},
         year = "2017",
        month = "Jun",
          eid = {arXiv:1706.03525},
        pages = {arXiv:1706.03525},
archivePrefix = {arXiv},
       eprint = {1706.03525},
 primaryClass = {math.NT},
       adsurl = {https://ui.adsabs.harvard.edu/\#abs/2017arXiv170603525T},
      adsnote = {Provided by the SAO/NASA Astrophysics Data System}
}

@book {whitelaw,
    AUTHOR = {Whitelaw, Thomas A.},
     TITLE = {Introduction to abstract algebra},
   EDITION = {2nd ed.},
 PUBLISHER = {Blackie, Glasgow},
      YEAR = {1988},
     PAGES = {viii+200},
      ISBN = {0-216-92259-3},
   MRCLASS = {00A05},
  MRNUMBER = {957702},
}
